<record><leader>00000cas a22000007a 4500</leader><controlfield tag="001">38060149</controlfield><controlfield tag="008">971209d1uuu1905cauwr ne      0    0eng d</controlfield><datafield ind1=" " ind2=" " tag="010"><subfield code="a">sn 97060877 </subfield></datafield><datafield ind1=" " ind2=" " tag="040"><subfield code="a">CNK</subfield><subfield code="b">eng</subfield><subfield code="c">CNK</subfield><subfield code="d">OCLCQ</subfield><subfield code="d">OCLCF</subfield><subfield code="d">OCLCO</subfield></datafield><datafield ind1="1" ind2=" " tag="029"><subfield code="a">AU@</subfield><subfield code="b">000013651666</subfield></datafield><datafield ind1=" " ind2=" " tag="042"><subfield code="a">msc</subfield></datafield><datafield ind1=" " ind2=" " tag="043"><subfield code="a">n-us-ca</subfield></datafield><datafield ind1="0" ind2="4" tag="245"><subfield code="a">The Angels record.</subfield></datafield><datafield ind1=" " ind2=" " tag="260"><subfield code="a">Angels Camp, Calaveras County, Calif. :</subfield><subfield code="b">Sam A. Hoffman</subfield></datafield><datafield ind1=" " ind2=" " tag="300"><subfield code="a">v.</subfield></datafield><datafield ind1=" " ind2=" " tag="310"><subfield code="a">Weekly</subfield></datafield><datafield ind1="1" ind2=" " tag="362"><subfield code="a">Ceased in 1905.</subfield></datafield><datafield ind1=" " ind2=" " tag="588"><subfield code="a">Description based on: Vol. 6, no. 27 (Mar. 4, 1905).</subfield></datafield><datafield ind1=" " ind2="0" tag="651"><subfield code="a">Angels Camp (Calif.)</subfield><subfield code="v">Newspapers.</subfield></datafield><datafield ind1=" " ind2="7" tag="655"><subfield code="a">Newspapers.</subfield><subfield code="2">fast</subfield><subfield code="0">(OCoLC)fst01423814</subfield></datafield><datafield ind1=" " ind2="7" tag="651"><subfield code="a">California</subfield><subfield code="z">Angels Camp.</subfield><subfield code="2">fast</subfield><subfield code="0">(OCoLC)fst01214794</subfield></datafield><datafield ind1=" " ind2=" " tag="752"><subfield code="a">United States</subfield><subfield code="b">California</subfield><subfield code="c">Calaveras</subfield><subfield code="d">Angels Camp.</subfield></datafield><datafield ind1="0" ind2="0" tag="785"><subfield code="t">Angels Camp record</subfield><subfield code="w">(DLC)sn 93052974</subfield></datafield></record>